<record><leader>00000cas a22000007a 4500</leader><controlfield tag="001">17735936</controlfield><controlfield tag="008">880405d19571968ohuwn ne      0    0eng d</controlfield><datafield ind1=" " ind2=" " tag="010"><subfield code="a">sn 88078407 </subfield></datafield><datafield ind1=" " ind2=" " tag="040"><subfield code="a">ONP</subfield><subfield code="b">eng</subfield><subfield code="c">ONP</subfield><subfield code="d">OCLCQ</subfield></datafield><datafield ind1=" " ind2=" " tag="042"><subfield code="a">msc</subfield></datafield><datafield ind1="0" ind2=" " tag="130"><subfield code="a">Terrier (Hiram, Ohio : 1957)</subfield></datafield><datafield ind1="1" ind2="4" tag="245"><subfield code="a">The Terrier.</subfield></datafield><datafield ind1=" " ind2=" " tag="260"><subfield code="a">Hiram, Ohio :</subfield><subfield code="b">Students of Hiram College,</subfield><subfield code="c">-1968.</subfield></datafield><datafield ind1=" " ind2=" " tag="300"><subfield code="a">v.</subfield></datafield><datafield ind1=" " ind2=" " tag="310"><subfield code="a">Weekly (during the school year),</subfield><subfield code="b">Sept. 1966-Oct. 23, 1968</subfield></datafield><datafield ind1=" " ind2=" " tag="321"><subfield code="a">Frequency varies,</subfield><subfield code="b">1957-June 1966</subfield></datafield><datafield ind1="1" ind2=" " tag="362"><subfield code="a">Began in 1957.</subfield></datafield><datafield ind1="0" ind2=" " tag="362"><subfield code="a">-v. 3, no. 4 (Oct. 23, 1968).</subfield></datafield><datafield ind1=" " ind2=" " tag="500"><subfield code="a">Published for the students of Hiram College.</subfield></datafield><datafield ind1=" " ind2=" " tag="588"><subfield code="a">Description based on: Vol. 2, no. 1 (Oct. 8, 1959).</subfield></datafield><datafield ind1=" " ind2=" " tag="752"><subfield code="a">United States</subfield><subfield code="b">Ohio</subfield><subfield code="c">Portage</subfield><subfield code="d">Hiram.</subfield></datafield><datafield ind1="0" ind2="0" tag="780"><subfield code="t">Advance of Hiram College</subfield><subfield code="w">(DLC)sn 88078406</subfield></datafield><datafield ind1="0" ind2="0" tag="785"><subfield code="t">Hiram advance (1968)</subfield><subfield code="w">(DLC)sn 88078408</subfield></datafield></record>